<?xml version="1.0" encoding="UTF-8"?><collection xmlns="http://www.loc.gov/MARC21/slim"><record><leader>00461nam--2200133-i-4500</leader><controlfield tag="001">000036560</controlfield><controlfield tag="002">20161230</controlfield><controlfield tag="005">20161230201041</controlfield><controlfield tag="008">060222s1000------------r-----000-0-eng-d</controlfield><datafield ind1=" " ind2=" " tag="080"><subfield code="a">541.96:577.15(043)</subfield></datafield><datafield ind1=" " ind2=" " tag="100"><subfield code="a">Pompon,Denis Marcel Andre</subfield></datafield><datafield ind1=" " ind2=" " tag="245"><subfield code="a">Etude de l`effet isotopique en cinetique en cinetique rapide du l-(+)a 2 h lactate sur le cytocrhrone b2. mise au point par stimulation.. these</subfield></datafield><datafield ind1=" " ind2=" " tag="260"><subfield code="a">Paris, Univ.De Paris-sud, 1977. 132p</subfield></datafield><datafield ind1=" " ind2=" " tag="852"><subfield code="a">45991</subfield></datafield></record></collection>